@InProceedings{steels99ecal,
  author = {Steels, Luc AND Kaplan, Frederic},
  title = {Collective learning and semiotic dynamics},
  year = {1999},
  booktitle = {Advances in artificial life, Proceedings of ECAL'99},
  editor = {Floreano AND Nicoud AND Mondada},
  series = {Lecture Notes in Computer Science},
  volume = {1674}
}

@inproceedings{DeBeule06Cross_Situational_learning,
  author={De Beule, Joachim and De Vylder, Bart and Belpaeme, Tony},
  title={A cross-situational learning algorithm for damping homonymy in the guessing game},
  year={2006},
  pages={466-472},
  editor={Luis M. Rocha et al.},
  publisher={MIT Press},
  booktitle={Artificial Life X},
}

@PhdThesis{devylder07:phd,
  author = 	 {De Vylder, Bart},
  title = 	 {The Evolution of Conventions in Multi-Agent Systems},
  school = 	 {VUB Artificial Intelligence Lab},
  year = 	 2007}

@Article{wellens08:_flexib_word_meanin_in_embod_agent,
  author = 	 {Pieter Wellens and Martin Loetzsch and Luc Steels},
  title = 	 {Flexible Word Meaning in Embodied Agents},
  journal = 	 {Connection Science},
  year = 	 2008,
  volume = 	 20,
  number = 	 2,
  pages = 	 {173-19}}

@article{baronchelli05sharpTransitionVocabulary,
  author={Baronchelli, A. and Felici, M. and Caglioti, E. and Loreto, V. and Steels, L.},
  title={Sharp Transition towards Shared Vocabularies in Multi-Agent Systems},
  journal={J. Stat. Mech.},
  year=2006,
  volume={P06014},
  doi={10.1088/1742-5468/2006/06/P06014},
  keywords={interacting agent models, scaling in socio-economic systems, stochastic processes, new applications of statistical mechanics}
}

@Article{cattuto07:_semiot_dynam_and_collab_taggin,
  author = 	 {Cattuto, Ciro and Loreto, Vittorio and Pietronero, Luciano},
  title = 	 {Semiotic dynamics and collaborative tagging},
  journal = 	 {Proceedings of the National Acadamy of Sciences},
  year = 	 2007,
  volume = 	 104,
  number = 	 5,
  pages = 	 {1461-1464},
  month = 	 {January}}

@article{puglisi08culturalRoutePNAS,
  author={Andrea Puglisi and Andrea Baronchelli and Vittorio Loreto},
  title={Cultural route to the emergence of linguistic categories},
  journal={PNAS},
  year={2008},
  month={June},
  volume={105},
  number={23},
  pages={7936-7940},
  doi={10.1073/pnas.0802485105},
  @Comment   = {url={http://www.isrl.uiuc.edu/~amag/langev/paper/puglisi08culturalRoutePNAS.html}},
  keywords={language dynamics, physics, natural categorization, complex systems}
}

@article{loreto12,
  author={Loreto, V. and  Mukherjeeb, A. and Triab F.},
  title={On the origin of the hierarchy of color names},
  journal={PNAS},
  year=2012,
  volume=109,
  number=18,
  pages={2403-2407}
}

@Book{skyrms10:_signal_evolut_learn_infor,
  author = 	 {Skyrms, Brian},
  title = 	 {Signals, Evolution, Learning and Information},
  publisher = 	 {Oxford University Press},
  year = 	 2010,
  address = 	 {New York}}


@Article{santos11:_co,
  author = {Santos, F.C. and Pacheco, J.M. and Skyrms B.},
  title = {Co-evolution of pre-play signaling and cooperation},
  journal = {Journal of Theoretical Biology},
  year = 2011,
  volume = 274,
  number = 1,
  pages = {30-5}}

@article{vylder06namingGameConvergenceJTB,
  author={De Vylder, Bart and Tuyls, Karl},
  title={How to reach linguistic consensus: A proof of convergence for the naming game},
  journal={Journal of Theoretical Biology},
  year={2006},
  month={October},
  volume={242},
  number={4},
  pages={818-831}
}


@InProceedings{beule12:_overc_traged_commun_hawk_dove_conven_codin,
  author = 	 {De Beule, J.},
  title = 	 {Overcoming the Tragedy of the Commune in the Hawk-Dove game through Conventional Coding},
  booktitle = {In Proceedings of BeneLearn and PMLS},
  year = 	 2012,
  address = 	 { Ghent, Belgium}}

